@book{vallado4ed,
  title={Fundamentals of Astrodynamics and Applications, 4th ed.},
  author={David Vallado},
  year={2013},
  month={03},
  editor={James Wertz},
  publisher={Microcosm Press},
}

@book{crassidis1ed,
  title={Fundamentals of Spacecraft Attitude Determination and Control},
  author={Markley, F. Landis and Crassidis, John L.},
  year={2014},
  month={05},
  publisher={Springer},
}

@book{montenbruck2012,
  title={Satellite orbits: models, methods, and applications},
  author={Montenbruck, Oliver and Gill, Eberhard},
  year={2012},
  publisher={Springer Science \& Business Media}
}